
@misc{Krt,
author = {Krabb√© Tim},
title = {OPEN CHESS DIARY 261-280},
howpublished = {\url{https://timkr.home.xs4all.nl/chess2/diary_14.htm}},
note = {Accessed: 2022-03-05},
year = {2005}
}
@misc{Bitboards,
title = {Bitboards},
howpublished = {\url{https://www.chessprogramming.org/Bitboards}},
note = {Accessed: 2022-03-05}
}